
@article{alburaki2017,
  title        = {Performance of Honeybee Colonies Located in Neonicotinoid-Treated and Untreated Cornfields in {{Quebec}}},
  author       = {Alburaki, M. and Cheaib, B. and Quesnel, L. and Mercier, P.-L. and Chagnon, M. and Derome, N.},
  date         = {2017-02},
  journaltitle = {Journal of Applied Entomology},
  shortjournal = {J. Appl. Entomol.},
  volume       = {141},
  pages        = {112--121},
  issn         = {09312048},
  doi          = {10.1111/jen.12336},
  langid       = {english},
  number       = {1-2}
}

@article{amdam2004,
  title        = {Altered {{Physiology}} in {{Worker Honey Bees}} ({{Hymenoptera}}: {{Apidae}}) {{Infested}} with the {{Mite}} \textit{Varroa Destructor} ({{Acari}}: {{Varroidae}}): {{A Factor}} in {{Colony Loss During Overwintering}}?},
  shorttitle   = {Altered {{Physiology}} in {{Worker Honey Bees}} ({{Hymenoptera}}},
  author       = {Amdam, Gro V. and Hartfelder, Klaus and Norberg, Kari and Hagen, Arne and Omholt, Stig W.},
  date         = {2004-06-01},
  journaltitle = {Journal of Economic Entomology},
  volume       = {97},
  pages        = {741--747},
  issn         = {1938-291X, 0022-0493},
  doi          = {10.1093/jee/97.3.741},
  langid       = {english},
  number       = {3}
}

@article{amiri2017,
  title        = {Queen Quality and the Impact of Honey Bee Diseases on Queen Health: {{Potential}} for Interactions between Two Major Threats to Colony Health},
  author       = {Amiri, Esmaeil and Strand, Micheline K. and Rueppell, Olav and Tarpy, David R.},
  date         = {2017},
  journaltitle = {Insects},
  volume       = {8},
  pages        = {22--26},
  issn         = {20754450},
  doi          = {10.3390/insects8020048},
  keywords     = {Colony fitness,Colony health,Honey bee disease,Honey bee queen,Pollinators,Queen fitness,Queen quality},
  number       = {2}
}

@article{amiri2020a,
  title        = {Honey {{Bee Queens}} and {{Virus Infections}}},
  author       = {Amiri, Esmaeil and Strand, Micheline K. and Tarpy, David R. and Rueppell, Olav},
  date         = {2020-03-17},
  journaltitle = {Viruses},
  shortjournal = {Viruses},
  volume       = {12},
  pages        = {322},
  issn         = {1999-4915},
  doi          = {10.3390/v12030322},
  langid       = {english},
  number       = {3}
}

@article{barroso-arevalo2019,
  title        = {High {{Load}} of {{Deformed Wing Virus}} and \textit{Varroa Destructor} {{Infestation Are Related}} to {{Weakness}} of {{Honey Bee Colonies}} in {{Southern Spain}}},
  author       = {Barroso-Arévalo, Sandra and Fernández-Carrión, Eduardo and Goyache, Joaquín and Molero, Fernando and Puerta, Francisco and Sánchez-Vizcaíno, José Manuel},
  date         = {2019},
  journaltitle = {Frontiers in Microbiology},
  volume       = {10},
  doi          = {10.3389/fmicb.2019.01331},
  issue        = {June}
}

@article{belsky2019,
  title        = {Impact of {{Biotic}} and {{Abiotic Stressors}} on {{Managed}} and {{Feral Bees}}},
  author       = {{Belsky} and {Joshi}},
  date         = {2019-08-01},
  journaltitle = {Insects},
  shortjournal = {Insects},
  volume       = {10},
  pages        = {233},
  issn         = {2075-4450},
  doi          = {10.3390/insects10080233},
  langid       = {english},
  number       = {8}
}

@article{benaets2017,
  title        = {Covert Deformed Wing Virus Infections Have Long-Term Deleterious Effects on Honeybee Foraging and Survival},
  author       = {Benaets, Kristof and Van Geystelen, Anneleen and Cardoen, Dries and De Smet, Lina and de Graaf, Dirk C. and Schoofs, Liliane and Larmuseau, Maarten H. D. and Brettell, Laura E. and Martin, Stephen J. and Wenseleers, Tom},
  date         = {2017-02-08},
  journaltitle = {Proceedings of the Royal Society B: Biological Sciences},
  shortjournal = {Proc. R. Soc. B},
  volume       = {284},
  pages        = {20162149},
  issn         = {0962-8452, 1471-2954},
  doi          = {10.1098/rspb.2016.2149},
  langid       = {english},
  number       = {1848},
  options      = {useprefix=true}
}

@article{berry2001,
  title        = {Effects of Comb Age on Honey Bee Colony Growth and Brood Survivorship},
  author       = {Berry, Jennifer A. and Delaplane, Keith S.},
  date         = {2001},
  journaltitle = {Journal of Apicultural Research},
  volume       = {40},
  pages        = {3--8},
  issn         = {20786913},
  doi          = {10.1080/00218839.2001.11101042},
  keywords     = {Apis mellifera,Beeswax,Brood,Comb age,Honey bees,New comb,Old comb},
  number       = {1}
}

@article{biesmeijer2006,
  title        = {Parallel {{Declines}} in {{Pollinators}} and {{Insect}}-{{Pollinated Plants}} in {{Britain}} and the {{Netherlands}}},
  author       = {Biesmeijer, J. C.},
  date         = {2006-07-21},
  journaltitle = {Science},
  shortjournal = {Science},
  volume       = {313},
  pages        = {351--354},
  issn         = {0036-8075, 1095-9203},
  doi          = {10.1126/science.1127863},
  langid       = {english},
  number       = {5785}
}

@article{brodschneider2010,
  title        = {Surveys as a Tool to Record Winter Losses of Honey Bee Colonies: A Two Year Case Study in {{Austria}} and {{South Tyrol}}},
  author       = {Brodschneider, Robert and Moosbeckhofer, Rudolf and Crailsheim, Karl},
  date         = {2010},
  journaltitle = {Journal of Apicultural Research},
  volume       = {49},
  pages        = {23--30},
  issn         = {0021-8839},
  doi          = {10.3896/ibra.1.49.1.04},
  number       = {1}
}

@article{brodschneider2011,
  title        = {Völkerverluste Der Honigbiene: {{Risikofaktoren}} Für Die Bestäubungssicherheit in Österreich},
  author       = {Brodschneider, Robert and Crailsheim, Karl},
  date         = {2011-01},
  journaltitle = {Entomologica Austriaca},
  volume       = {18},
  pages        = {73--86}
}

@article{brodschneider2013,
  title        = {Fünf Jahre Untersuchung des Bienensterbens in Österreich.},
  author       = {Brodschneider, Robert and Crailsheim, Karl},
  date         = {2013},
  journaltitle = {Entomologica Austriaca},
  pages        = {195--205},
  langid       = {german},
  number       = {20}
}

@article{brodschneider2016,
  title        = {Preliminary Analysis of Loss Rates of Honey Bee Colonies during Winter 2015/16 from the {{COLOSS}} Survey},
  author       = {Brodschneider, Robert and Gray, Alison and van der Zee, Romée and Adjlane, Noureddine and Brusbardis, Valters and Charrière, Jean-Daniel and Chlebo, Robert and Coffey, Mary F and Crailsheim, Karl and Dahle, Bjørn and Danihlík, Jiří and Danneels, Ellen and de Graaf, Dirk C and Dražić, Marica Maja and Fedoriak, Mariia and Forsythe, Ivan and Golubovski, Miroljub and Gregorc, Ales and Grzęda, Urszula and Hubbuck, Ian and İvgin Tunca, Rahşan and Kauko, Lassi and Kilpinen, Ole and Kretavicius, Justinas and Kristiansen, Preben and Martikkala, Maritta and Martín-Hernández, Raquel and Mutinelli, Franco and Peterson, Magnus and Otten, Christoph and Ozkirim, Aslı and Raudmets, Aivar and Simon-Delso, Noa and Soroker, Victoria and Topolska, Grazyna and Vallon, Julien and Vejsnæs, Flemming and Woehl, Saskia},
  date         = {2016-12-05},
  journaltitle = {Journal of Apicultural Research},
  volume       = {55},
  pages        = {375--378},
  publisher    = {{Taylor \& Francis}},
  issn         = {0021-8839},
  doi          = {10.1080/00218839.2016.1260240},
  number       = {5},
  options      = {useprefix=true}
}

@article{brodschneider2018,
  title        = {Multi-Country Loss Rates of Honey Bee Colonies during Winter 2016/2017 from the {{COLOSS}} Survey},
  author       = {Brodschneider, Robert and Gray, Alison and Adjlane, Noureddine and Ballis, Alexis and Brusbardis, Valters and Charrière, Jean Daniel and Chlebo, Robert and Coffey, Mary F. and Dahle, Bjørn and de Graaf, Dirk C. and Maja Dražić, Marica and Evans, Garth and Fedoriak, Mariia and Forsythe, Ivan and Gregorc, Aleš and Grzęda, Urszula and Hetzroni, Amots and Kauko, Lassi and Kristiansen, Preben and Martikkala, Maritta and Martín-Hernández, Raquel and Aurelio Medina-Flores, Carlos and Mutinelli, Franco and Raudmets, Aivar and A Ryzhikov, Vladimir and Simon-Delso, Noa and Stevanovic, Jevrosima and Uzunov, Aleksandar and Vejsnæs, Flemming and Wöhl, Saskia and Zammit-Mangion, Marion and Danihlík, Jiří},
  date         = {2018},
  journaltitle = {Journal of Apicultural Research},
  volume       = {57},
  pages        = {452--457},
  publisher    = {{Taylor \& Francis}},
  issn         = {20786913},
  doi          = {10.1080/00218839.2018.1460911},
  keywords     = {Apis mellifera,beekeeping,citizen science,colony losses,monitoring,mortality,overwinter,survey},
  number       = {3},
  options      = {useprefix=true}
}

@online{brodschneider2018a,
  title  = {Zukunft {{Biene}} 2 - 1. {{Zwischenbericht}}, {{Forschungsnummer}}: 101295},
  author = {Brodschneider, Robert and Morawetz, Linde and Lamp, Benjamin},
  url    = {http://www.zukunft-biene.at/},
  date   = {2018}
}

@article{brodschneider2019,
  title        = {Comparison of Apiculture and Winter Mortality of Honey Bee Colonies ({{Apis}} Mellifera) in {{Austria}} and {{Czechia}}},
  author       = {Brodschneider, Robert and Brus, Jan and Danihlík, Jiří},
  date         = {2019-03-15},
  journaltitle = {Agriculture, Ecosystems \& Environment},
  volume       = {274},
  pages        = {24--32},
  publisher    = {{Elsevier}},
  issn         = {0167-8809},
  doi          = {10.1016/J.AGEE.2019.01.002}
}

@article{brodschneider2019a,
  title        = {A Citizen Science Supported Study on Seasonal Diversity and Monoflorality of Pollen Collected by Honey Bees in {{Austria}}},
  author       = {Brodschneider, Robert and Gratzer, Kristina and Kalcher-Sommersguter, Elfriede and Heigl, Helmut and Auer, Waltraud and Moosbeckhofer, Rudolf and Crailsheim, Karl},
  date         = {2019-12},
  journaltitle = {Scientific Reports},
  shortjournal = {Sci Rep},
  volume       = {9},
  pages        = {16633},
  issn         = {2045-2322},
  doi          = {10.1038/s41598-019-53016-5},
  langid       = {english},
  number       = {1}
}

@online{brodschneider2019b,
  title  = {Zukunft {{Biene}} 2 - 2. {{Zwischenbericht}}, {{Forschungsnummer}}: 101295},
  author = {Brodschneider, Robert and Morawetz, Linde and Lamp, Benjamin},
  url    = {http://www.zukunft-biene.at/},
  date   = {2019}
}


@article{budge2015,
  title        = {Pathogens as {{Predictors}} of {{Honey Bee Colony Strength}} in {{England}} and {{Wales}}},
  author       = {Budge, Giles and Pietravalle, Stéphane and Brown, Mike and Laurenson, Lynn and Jones, Ben and Tomkies, Victoria and Delaplane, Keith S.},
  editor       = {Rueppell, Olav},
  date         = {2015-07-17},
  journaltitle = {PLOS ONE},
  shortjournal = {PLoS ONE},
  volume       = {10},
  pages        = {e0133228},
  issn         = {1932-6203},
  doi          = {10.1371/journal.pone.0133228},
  langid       = {english},
  number       = {7}
}

@article{budge2015a,
  title        = {Evidence for Pollinator Cost and Farming Benefits of Neonicotinoid Seed Coatings on Oilseed Rape},
  author       = {Budge, Giles and Garthwaite, D. and Crowe, A. and Boatman, N. D. and Delaplane, K. S. and Brown, M. A. and Thygesen, H. H. and Pietravalle, S.},
  date         = {2015-12},
  journaltitle = {Scientific Reports},
  shortjournal = {Sci Rep},
  volume       = {5},
  pages        = {12574},
  issn         = {2045-2322},
  doi          = {10.1038/srep12574},
  langid       = {english},
  number       = {1}
}

@article{calatayud-vernich2018,
  title        = {Pesticide Residues in Honey Bees, Pollen and Beeswax: {{Assessing}} Beehive Exposure},
  author       = {Calatayud-Vernich, Pau and Calatayud, Fernando and Simó, Enrique and Picó, Yolanda},
  date         = {2018},
  journaltitle = {Environmental Pollution},
  volume       = {241},
  pages        = {106--114},
  issn         = {18736424},
  doi          = {10.1016/j.envpol.2018.05.062},
  keywords     = {Beeswax,Hive exposure,Honey bees,Pesticide,Pollen}
}

@article{calderone2005,
  title      = {Evaluation of {Drone} {Brood} {Removal} for {Management} of \textit{Varroa Destructor} ({Acari}: {Varroidae}) in {Colonies} of \textit{Apis mellifera} ({Hymenoptera}: {Apidae}) in the {Northeastern} {United} {States}},
  volume     = {98},
  issn       = {00220493, 00220493},
  shorttitle = {Evaluation of {Drone} {Brood} {Removal} for {Management} of {Varroa} destructor ({Acari}},
  url        = {https://academic.oup.com/jee/article-lookup/doi/10.1603/0022-0493-98.3.645},
  doi        = {10.1603/0022-0493-98.3.645},
  language   = {en},
  number     = {3},
  urldate    = {2019-11-09},
  journal    = {Journal of Economic Entomology},
  author     = {Calderone, N. W.},
  month      = {6},
  year       = {2005},
  pages      = {645--650},
  annote     = {Field study US, lower mite to bee ratios and no negative effect on honey or worker bee population}
}

@article{cameron2011,
  title        = {Patterns of Widespread Decline in {{North American}} Bumble Bees},
  author       = {Cameron, S. A. and Lozier, J. D. and Strange, J. P. and Koch, J. B. and Cordes, N. and Solter, L. F. and Griswold, T. L.},
  date         = {2011-01-11},
  journaltitle = {Proceedings of the National Academy of Sciences},
  shortjournal = {Proceedings of the National Academy of Sciences},
  volume       = {108},
  pages        = {662--667},
  issn         = {0027-8424, 1091-6490},
  doi          = {10.1073/pnas.1014743108},
  langid       = {english},
  number       = {2}
}

@article{castilhos2019,
  title        = {Bee Colony Losses in {{Brazil}}: A 5-Year Online Survey},
  author       = {Castilhos, Dayson and Bergamo, Genevile C. and Gramacho, Katia P. and Gonçalves, Lionel S.},
  date         = {2019-05-15},
  journaltitle = {Apidologie},
  issn         = {0044-8435},
  doi          = {10.1007/s13592-019-00642-7}
}

@article{chauzat2016,
  title        = {Risk Indicators Affecting Honeybee Colony Survival in {{Europe}}: One Year of Surveillance},
  shorttitle   = {Risk Indicators Affecting Honeybee Colony Survival in {{Europe}}},
  author       = {Chauzat, Marie-Pierre and Jacques, Antoine and Laurent, Marion and Bougeard, Stéphanie and Hendrikx, Pascal and Ribière-Chabert, Magali},
  date         = {2016-05},
  journaltitle = {Apidologie},
  shortjournal = {Apidologie},
  volume       = {47},
  pages        = {348--378},
  issn         = {0044-8435, 1297-9678},
  doi          = {10.1007/s13592-016-0440-z},
  langid       = {english},
  number       = {3}
}

@article{clermont2015,
  title        = {Virus {{Status}}, {{Varroa Levels}}, and {{Survival}} of 20 {{Managed Honey Bee Colonies Monitored}} in {{Luxembourg Between}} the {{Summer}} of 2011 and the {{Spring}} of 2013},
  author       = {Clermont, Antoine and Pasquali, Matias and Eickermann, Michael and Kraus, François and Hoffmann, Lucien and Beyer, Marco},
  date         = {2015-06-01},
  journaltitle = {Journal of Apicultural Science},
  volume       = {59},
  pages        = {59--73},
  issn         = {2299-4831},
  doi          = {10.1515/jas-2015-0005},
  number       = {1}
}

@article{clermont2015a,
  title        = {Correlations between Land Covers and Honey Bee Colony Losses in a Country with Industrialized and Rural Regions},
  author       = {Clermont, Antoine and Eickermann, Michael and Kraus, François and Hoffmann, Lucien and Beyer, Marco},
  date         = {2015-11},
  journaltitle = {Science of The Total Environment},
  shortjournal = {Science of The Total Environment},
  volume       = {532},
  pages        = {1--13},
  issn         = {00489697},
  doi          = {10.1016/j.scitotenv.2015.05.128},
  langid       = {english}
}

@article{colin2019,
  author   = {Colin, Th{\'{e}}otime and Lim, Meng Yong and Quarrell, Stephen R. and Allen, Geoff R. and Barron, Andrew B.},
  doi      = {10.1007/s13592-018-0625-8},
  issn     = {12979678},
  journal  = {Apidologie},
  keywords = {Apis mellifera,acaricide,miticide,thymol,undertaking},
  number   = {2},
  pages    = {141--152},
  title    = {{Effects of thymol on European honey bee hygienic behaviour}},
  volume   = {50},
  year     = {2019}
}

@article{cornman2012,
  title        = {Pathogen {{Webs}} in {{Collapsing Honey Bee Colonies}}},
  author       = {Cornman, R. Scott and Tarpy, David R. and Chen, Yanping and Jeffreys, Lacey and Lopez, Dawn and Pettis, Jeffery S. and {vanEngelsdorp}, Dennis and Evans, Jay D.},
  editor       = {Highlander, Sarah K.},
  date         = {2012-08-21},
  journaltitle = {PLoS ONE},
  shortjournal = {PLoS ONE},
  volume       = {7},
  pages        = {e43562},
  issn         = {1932-6203},
  doi          = {10.1371/journal.pone.0043562},
  langid       = {english},
  number       = {8}
}

@online{crailsheim2018,
  title        = {Future of Honey Bees - {{Basic}} Research for Project for Honey Bee Health and Bee Protection},
  author       = {Crailsheim, Karl and Moosbeckhofer, Rudolf and Brodschneider, Robert},
  date         = {2018},
  journaltitle = {Final report poject 'Zukunft Biene' 2014-2018 Austria}
}

@article{dahle2010,
  title        = {The Role of {{Varroa}} Destructor for Honey Bee Colony Losses in {{Norway}}},
  author       = {Dahle, Bjørn},
  date         = {2010},
  journaltitle = {Journal of Apicultural Research},
  volume       = {49},
  pages        = {124--125},
  issn         = {0021-8839},
  doi          = {10.3896/ibra.1.49.1.26},
  keywords     = {and several european countries,apis mellifera,are worried,ccd,colonies reported in the,colony losses,different,due to the severe,losses of honey bee,of colony collapse disorder,the beekeepers in norway,usa,varroa destructor,while a number of},
  number       = {1}
}

@article{dainat2012,
  title        = {Predictive {{Markers}} of {{Honey Bee Colony Collapse}}},
  author       = {Dainat, Benjamin and Evans, Jay D. and Chen, Yan Ping and Gauthier, Laurent and Neumann, Peter},
  editor       = {Aguilar, Patricia V.},
  date         = {2012-02-23},
  journaltitle = {PLoS ONE},
  shortjournal = {PLoS ONE},
  volume       = {7},
  pages        = {e32151},
  issn         = {1932-6203},
  doi          = {10.1371/journal.pone.0032151},
  langid       = {english},
  number       = {2}
}

@article{degrandi-hoffman2015,
  title        = {Nutrition, Immunity and Viral Infections in Honey Bees},
  author       = {DeGrandi-Hoffman, Gloria and Chen, Yanping},
  date         = {2015-08},
  journaltitle = {Current Opinion in Insect Science},
  shortjournal = {Current Opinion in Insect Science},
  volume       = {10},
  pages        = {170--176},
  issn         = {22145745},
  doi          = {10.1016/j.cois.2015.05.007},
  langid       = {english}
}

@article{dipasquale2016,
  title        = {Variations in the Availability of Pollen Resources Affect Honey Bee Health},
  author       = {Di Pasquale, Garance and Alaux, Cédric and Conte, Yves Le and Odoux, Jean François and Pioz, Maryline and Vaissière, Bernard E. and Belzunces, Luc P. and Decourtye, Axel},
  date         = {2016},
  journaltitle = {PLoS ONE},
  volume       = {11},
  pages        = {1--15},
  issn         = {19326203},
  doi          = {10.1371/journal.pone.0162818},
  number       = {9}
}

@article{diprisco2013,
  title        = {Neonicotinoid Clothianidin Adversely Affects Insect Immunity and Promotes Replication of a Viral Pathogen in Honey Bees},
  author       = {Di Prisco, G. and Cavaliere, V. and Annoscia, D. and Varricchio, P. and Caprio, E. and Nazzi, F. and Gargiulo, G. and Pennacchio, F.},
  date         = {2013-11-12},
  journaltitle = {Proceedings of the National Academy of Sciences},
  shortjournal = {Proceedings of the National Academy of Sciences},
  volume       = {110},
  pages        = {18466--18471},
  issn         = {0027-8424, 1091-6490},
  doi          = {10.1073/pnas.1314923110},
  langid       = {english},
  number       = {46}
}

@article{doke2015,
  title        = {Overwintering Honey Bees: Biology and Management},
  shorttitle   = {Overwintering Honey Bees},
  author       = {Döke, Mehmet Ali and Frazier, Maryann and Grozinger, Christina M},
  date         = {2015-08},
  journaltitle = {Current Opinion in Insect Science},
  shortjournal = {Current Opinion in Insect Science},
  volume       = {10},
  pages        = {185--193},
  issn         = {22145745},
  doi          = {10.1016/j.cois.2015.05.014},
  langid       = {english}
}

@article{dussaubat2016,
  title        = {Combined Neonicotinoid Pesticide and Parasite Stress Alter Honeybee Queens’ Physiology and Survival},
  author       = {Dussaubat, Claudia and Maisonnasse, Alban and Crauser, Didier and Tchamitchian, Sylvie and Bonnet, Marc and Cousin, Marianne and Kretzschmar, André and Brunet, Jean-Luc and Le Conte, Yves},
  date         = {2016-11},
  journaltitle = {Scientific Reports},
  shortjournal = {Sci Rep},
  volume       = {6},
  pages        = {31430},
  issn         = {2045-2322},
  doi          = {10.1038/srep31430},
  langid       = {english},
  number       = {1}
}


@article{dynes2019,
  title = {Reduced Density and Visually Complex Apiaries Reduce Parasite Load and Promote Honey Production and Overwintering Survival in Honey Bees},
  author = {Dynes, Travis L. and Berry, Jennifer A. and Delaplane, Keith S. and Brosi, Berry J. and de Roode, Jacobus C.},
  editor = {Nieh, James C.},
  date = {2019-05-23},
  journaltitle = {PLOS ONE},
  shortjournal = {PLoS ONE},
  volume = {14},
  pages = {e0216286},
  issn = {1932-6203},
  doi = {10.1371/journal.pone.0216286},
  langid = {english},
  number = {5},
  options = {useprefix=true}
}

@article{fanny2020,
  title        = {Honey Bee Survival Mechanisms against the Parasite \textit{Varroa Destructor}: A Systematic Review of Phenotypic and Genomic Research Efforts},
  shorttitle   = {Honey Bee Survival Mechanisms against the Parasite {{Varroa}} Destructor},
  author       = {Fanny, Mondet and Alexis, Beaurepaire and Alison, McAfee and Barbara, Locke and Cédric, Alaux and Solene, Blanchard and Bob, Danka and Le Conte, Yves},
  date         = {2020-05},
  journaltitle = {International Journal for Parasitology},
  shortjournal = {International Journal for Parasitology},
  pages        = {S002075192030093X},
  issn         = {00207519},
  doi          = {10.1016/j.ijpara.2020.03.005},
  langid       = {english}
}

@article{flugel2015,
  title        = {Von Columella Bis {{CCD}} - Das Bienensterben Im Wandel Der Zeit (Hymenoptera: {{Apidae}}).},
  author       = {Flügel, Hans-Joachim},
  date         = {2015-03},
  journaltitle = {Entomologische Zeitschrift},
  volume       = {125},
  pages        = {27--40}
}

@article{forfert2016,
  title        = {Viral Prevalence Increases with Regional Colony Abundance in Honey Bee Drones (\textit{Apis Mellifera} {{L}})},
  author       = {Forfert, Nadège and Natsopoulou, Myrsini E. and Paxton, Robert J. and Moritz, Robin F.A.},
  date         = {2016-10},
  journaltitle = {Infection, Genetics and Evolution},
  shortjournal = {Infection, Genetics and Evolution},
  volume       = {44},
  pages        = {549--554},
  issn         = {15671348},
  doi          = {10.1016/j.meegid.2016.07.017},
  langid       = {english}
}

@article{gallai2009,
  title        = {Economic Valuation of the Vulnerability of World Agriculture Confronted with Pollinator Decline},
  author       = {Gallai, Nicola and Salles, Jean-Michel and Settele, Josef and Vaissière, Bernard E.},
  date         = {2009-01-15},
  journaltitle = {Ecological Economics},
  volume       = {68},
  pages        = {810--821},
  publisher    = {{Elsevier}},
  issn         = {0921-8009},
  doi          = {10.1016/J.ECOLECON.2008.06.014},
  number       = {3}
}

@article{genersch2010,
  title        = {The {{German}} Bee Monitoring Project: A Long Term Study to Understand Periodically High Winter Losses of Honey Bee Colonies},
  author       = {Genersch, Elke and von der Ohe, Werner and Kaatz, Hannes and Schroeder, Annette and Otten, Christoph and Büchler, Ralph and Berg, Stefan and Ritter, Wolfgang and Mühlen, Werner and Gisder, Sebastian and Meixner, Marina and Liebig, Gerhard and Rosenkranz, Peter},
  date         = {2010},
  journaltitle = {Apidologie},
  volume       = {41},
  pages        = {332--352},
  issn         = {0044-8435},
  doi          = {10.1051/apido/2010014},
  number       = {3},
  options      = {useprefix=true}
}

@online{geonames,
  title  = {{{GeoNames}}},
  author = {{GeoNames}}
}

@article{giacobino2016,
  title        = {Queen Replacement: The Key to Prevent Winter Colony Losses in {{Argentina}}},
  author       = {Giacobino, Agostina and Molineri, Ana and Cagnolo, Natalia Bulacio and Merke, Julieta and Orellano, Emanuel and Bertozzi, Ezequiel and Masciangelo, Germán and Pietronave, Hernán and Pacini, Adriana and Salto, Cesar and Signorini, Marcelo},
  date         = {2016},
  journaltitle = {Journal of Apicultural Research},
  volume       = {55},
  pages        = {335--341},
  publisher    = {{Taylor \& Francis}},
  issn         = {0021-8839},
  doi          = {10.1080/00218839.2016.1238595},
  number       = {4}
}

@article{goulson2013,
  title        = {{{REVIEW}}: {{An}} Overview of the Environmental Risks Posed by Neonicotinoid Insecticides},
  shorttitle   = {{{REVIEW}}},
  author       = {Goulson, Dave},
  editor       = {Kleijn, David},
  date         = {2013-08},
  journaltitle = {Journal of Applied Ecology},
  shortjournal = {J Appl Ecol},
  volume       = {50},
  pages        = {977--987},
  issn         = {00218901},
  doi          = {10.1111/1365-2664.12111},
  langid       = {english},
  number       = {4}
}

@article{goulson2015,
  title        = {Bee Declines Driven by Combined {{Stress}} from Parasites, Pesticides, and Lack of Flowers},
  author       = {Goulson, Dave and Nicholls, Elizabeth and Botías, Cristina and Rotheray, Ellen L.},
  date         = {2015},
  journaltitle = {Science},
  issn         = {10959203},
  doi          = {10.1126/science.1255957}
}

@article{gray2019,
  title        = {Loss Rates of Honey Bee Colonies during Winter 2017/18 in 36 Countries Participating in the {{COLOSS}} Survey, Including Effects of Forage Sources},
  author       = {Gray, Alison and Brodschneider, Robert and Adjlane, Noureddine and Ballis, Alexis and Brusbardis, Valters and Charrière, Jean-Daniel and Chlebo, Robert and F. Coffey, Mary and Cornelissen, Bram and Amaro da Costa, Cristina and Csáki, Tamás and Dahle, Bjørn and Danihlík, Jiří and Dražić, Marica Maja and Evans, Garth and Fedoriak, Mariia and Forsythe, Ivan and de Graaf, Dirk and Gregorc, Aleš and Johannesen, Jes and Kauko, Lassi and Kristiansen, Preben and Martikkala, Maritta and Martín-Hernández, Raquel and Medina-Flores, Carlos Aurelio and Mutinelli, Franco and Patalano, Solenn and Petrov, Plamen and Raudmets, Aivar and Ryzhikov, Vladimir A. and Simon-Delso, Noa and Stevanovic, Jevrosima and Topolska, Grazyna and Uzunov, Aleksandar and Vejsnaes, Flemming and Williams, Anthony and Zammit-Mangion, Marion and Soroker, Victoria},
  date         = {2019},
  journaltitle = {Journal of Apicultural Research},
  volume       = {0},
  pages        = {1--7},
  publisher    = {{Taylor \& Francis}},
  issn         = {0021-8839},
  doi          = {10.1080/00218839.2019.1615661},
  number       = {0},
  options      = {useprefix=true}
}

@article{hallmann2017,
  title        = {More than 75 Percent Decline over 27 Years in Total Flying Insect Biomass in Protected Areas},
  author       = {Hallmann, Caspar A. and Sorg, Martin and Jongejans, Eelke and Siepel, Henk and Hofland, Nick and Schwan, Heinz and Stenmans, Werner and Müller, Andreas and Sumser, Hubert and Hörren, Thomas and Goulson, Dave and de Kroon, Hans},
  editor       = {Lamb, Eric Gordon},
  date         = {2017-10-18},
  journaltitle = {PLOS ONE},
  shortjournal = {PLoS ONE},
  volume       = {12},
  pages        = {e0185809},
  issn         = {1932-6203},
  doi          = {10.1371/journal.pone.0185809},
  langid       = {english},
  number       = {10},
  options      = {useprefix=true}
}

@article{HannesOberreiter2019,
  title  = {Codebase: {{Austria}} Honey Bee Colony Overwinter Losses 2018/2019},
  author = {Oberreiter, Hannes},
  date   = {2019-09-07},
  doi    = {10.5281/ZENODO.3402170}
}

@article{harriet2017,
  title        = {Agricultural Pesticides and Veterinary Substances in {{Uruguayan}} Beeswax},
  author       = {Harriet, Jorge and Campá, Juan Pablo and Grajales, Miguel and Lhéritier, Christophe and Gómez Pajuelo, Antonio and Mendoza-Spina, Yamandú and Carrasco-Letelier, Leonidas},
  date         = {2017},
  journaltitle = {Chemosphere},
  volume       = {177},
  pages        = {77--83},
  issn         = {18791298},
  doi          = {10.1016/j.chemosphere.2017.02.131},
  keywords     = {Acaricides,Beeswax,Hive health,Honey bee,Pesticides}
}

@article{hocherl2012,
  annote   = {- lower nutrien in pollen?},
  author   = {H{\"{o}}cherl, Nicole and Siede, Reinhold and Illies, Ingrid and G{\"{a}}tschenberger, Heike and Tautz, J{\"{u}}rgen},
  doi      = {10.1016/j.jinsphys.2011.12.001},
  issn     = {00221910},
  journal  = {Journal of Insect Physiology},
  keywords = {Brood-rearing,Essential amino acids,Immunocompetence,Longevity,Maize},
  number   = {2},
  pages    = {278--285},
  title    = {{Evaluation of the nutritive value of maize for honey bees}},
  volume   = {58},
  year     = {2012}
}

@article{imdorf1985,
  author   = {Imdorf, A. and Bogdanov, S. and Kilchenmann, V.},
  journal  = {Schweizer Bienenzeitung},
  keywords = {cement honey,honey dew,melezitose},
  pages    = {534--544},
  number   = {10},
  volume   = {108},
  title    = {{Zementhonig im Honig- und Brutraum - was dann? - Schweizerisches Zentrum für Bienenforschung}},
  year     = {1985}
}

@article{jack2020,
  title        = {Evaluating the {{Efficacy}} of {{Oxalic Acid Vaporization}} and {{Brood Interruption}} in {{Controlling}} the {{Honey Bee Pest}} \textit{Varroa Destructor} ({{Acari}}: {{Varroidae}})},
  shorttitle   = {Evaluating the {{Efficacy}} of {{Oxalic Acid Vaporization}} and {{Brood Interruption}} in {{Controlling}} the {{Honey Bee Pest Varroa}} Destructor ({{Acari}}},
  author       = {Jack, Cameron J and van Santen, Edzard and Ellis, James D},
  editor       = {Johnson, Reed},
  date         = {2020-01-07},
  journaltitle = {Journal of Economic Entomology},
  pages        = {toz358},
  issn         = {0022-0493, 1938-291X},
  doi          = {10.1093/jee/toz358},
  langid       = {english},
  options      = {useprefix=true}
}

@article{jacques2017,
  title        = {A Pan-{{European}} Epidemiological Study Reveals Honey Bee Colony Survival Depends on Beekeeper Education and Disease Control},
  author       = {Jacques, Antoine and Laurent, Marion and {EPILOBEE Consortium} and Ribière-Chabert, Magali and Saussac, Mathilde and Bougeard, Stéphanie and Budge, Giles E. and Hendrikx, Pascal and Chauzat, Marie-Pierre},
  editor       = {Chaline, Nicolas},
  date         = {2017-03-09},
  journaltitle = {PLOS ONE},
  shortjournal = {PLoS ONE},
  volume       = {12},
  pages        = {e0172591},
  issn         = {1932-6203},
  doi          = {10.1371/journal.pone.0172591},
  langid       = {english},
  number       = {3}
}

@article{kearns1998,
  title        = {{{ENDANGERED MUTUALISMS}}: {{The Conservation}} of {{Plant}}-{{Pollinator Interactions}}},
  shorttitle   = {{{ENDANGERED MUTUALISMS}}},
  author       = {Kearns, Carol A. and Inouye, David W. and Waser, Nickolas M.},
  date         = {1998-11},
  journaltitle = {Annual Review of Ecology and Systematics},
  shortjournal = {Annu. Rev. Ecol. Syst.},
  volume       = {29},
  pages        = {83--112},
  issn         = {0066-4162},
  doi          = {10.1146/annurev.ecolsys.29.1.83},
  langid       = {english},
  number       = {1}
}

@article{koenig1986,
  title        = {Effect of Type of Brood Comb on {{Chalk}} Brood Disease in Honeybee Colonies},
  author       = {Koenig, John P. and Boush, G. Mallory and Erickson, E. H.},
  date         = {1986},
  journaltitle = {Journal of Apicultural Research},
  volume       = {25},
  pages        = {58--62},
  issn         = {20786913},
  doi          = {10.1080/00218839.1986.11100694},
  number       = {1}
}

@article{kralj2006,
  title        = {Parasitic {{{\emph{Varroa}}}}{\emph{ Destructor}} Mites Influence Flight Duration and Homing Ability of Infested {{{\emph{Apis}}}}{\emph{ Mellifera}} Foragers},
  author       = {Kralj, Jasna and Fuchs, Stefan},
  date         = {2006-09},
  journaltitle = {Apidologie},
  shortjournal = {Apidologie},
  volume       = {37},
  pages        = {577--587},
  issn         = {0044-8435, 1297-9678},
  doi          = {10.1051/apido:2006040},
  number       = {5}
}

@article{kralj2007,
  title        = {The Parasitic Mite {{Varroa}} Destructor Affects Non-Associative Learning in Honey Bee Foragers, {{Apis}} Mellifera {{L}}.},
  author       = {Kralj, Jasna and Brockmann, Axel and Fuchs, Stefan and Tautz, Jürgen},
  date         = {2007-02-19},
  journaltitle = {Journal of Comparative Physiology A},
  shortjournal = {J Comp Physiol A},
  volume       = {193},
  pages        = {363--370},
  issn         = {0340-7594, 1432-1351},
  doi          = {10.1007/s00359-006-0192-8},
  langid       = {english},
  number       = {3}
}

@article{kuchling2018,
  title        = {Investigating the Role of Landscape Composition on Honey Bee Colony Winter Mortality: {{A}} Long-Term Analysis},
  author       = {Kuchling, Sabrina and Kopacka, Ian and Kalcher-Sommersguter, Elfriede and Schwarz, Michael and Crailsheim, Karl and Brodschneider, Robert},
  date         = {2018-12-01},
  journaltitle = {Scientific Reports},
  volume       = {8},
  publisher    = {{Nature Publishing Group}},
  issn         = {20452322},
  doi          = {10.1038/s41598-018-30891-y},
  number       = {1}
}

@article{lee2015,
  title        = {A National Survey of Managed Honey Bee 2013–2014 Annual Colony Losses in the {{USA}}},
  author       = {Lee, Kathleen V. and Steinhauer, Nathalie and Rennich, Karen and Wilson, Michael E. and Tarpy, David R. and Caron, Dewey M. and Rose, Robyn and Delaplane, Keith S. and Baylis, Kathy and Lengerich, Eugene J. and Pettis, Jeff and Skinner, John A. and Wilkes, James T. and Sagili, Ramesh and {vanEngelsdorp}, Dennis},
  date         = {2015-05},
  journaltitle = {Apidologie},
  shortjournal = {Apidologie},
  volume       = {46},
  pages        = {292--305},
  issn         = {0044-8435, 1297-9678},
  doi          = {10.1007/s13592-015-0356-z},
  langid       = {english},
  number       = {3}
}

@article{locke2016,
  title        = {Natural {{Varroa}} Mite-Surviving {{Apis}} Mellifera Honeybee Populations},
  author       = {Locke, Barbara},
  date         = {2016-05},
  journaltitle = {Apidologie},
  shortjournal = {Apidologie},
  volume       = {47},
  pages        = {467--482},
  issn         = {0044-8435, 1297-9678},
  doi          = {10.1007/s13592-015-0412-8},
  langid       = {english},
  number       = {3}
}

@article{lodesani2019,
  author   = {Lodesani, Marco and Franceschetti, Simone and Dall'Ollio, Raffaele},
  doi      = {10.1007/s13592-018-0621-z},
  issn     = {12979678},
  journal  = {Apidologie},
  keywords = {Varroa destructor,bio-techniques,queen caging,trapping comb,varroa control},
  number   = {2},
  pages    = {131--140},
  title    = {{Evaluation of early spring bio-technical management techniques to control varroosis in Apis mellifera}},
  volume   = {50},
  year     = {2019}
}

@article{lopez2017,
  title        = {Sublethal Pesticide Doses Negatively Affect Survival and the Cellular Responses in {{American}} Foulbrood-Infected Honeybee Larvae},
  author       = {López, Javier Hernández and Krainer, Sophie and Engert, Antonia and Schuehly, Wolfgang and Riessberger-Gallé, Ulrike and Crailsheim, Karl},
  date         = {2017-02},
  journaltitle = {Scientific Reports},
  shortjournal = {Sci Rep},
  volume       = {7},
  pages        = {40853},
  issn         = {2045-2322},
  doi          = {10.1038/srep40853},
  langid       = {english},
  number       = {1}
}

@article{mancuso2020,
  title        = {Total {{Brood Removal}} and {{Other Biotechniques}} for the {{Sustainable Control}} of {{Varroa Mites}} in {{Honey Bee Colonies}}: {{Economic Impact}} in {{Beekeeping Farm Case Studies}} in {{Northwestern Italy}}},
  shorttitle   = {Total {{Brood Removal}} and {{Other Biotechniques}} for the {{Sustainable Control}} of {{Varroa Mites}} in {{Honey Bee Colonies}}},
  author       = {Mancuso, Teresina and Croce, Luca and Vercelli, Monica},
  date         = {2020-03-16},
  journaltitle = {Sustainability},
  shortjournal = {Sustainability},
  volume       = {12},
  pages        = {2302},
  issn         = {2071-1050},
  doi          = {10.3390/su12062302},
  langid       = {english},
  number       = {6}
}

@article{monceau2014,
  title        = {Vespa Velutina: A New Invasive Predator of Honeybees in {{Europe}}},
  shorttitle   = {Vespa Velutina},
  author       = {Monceau, Karine and Bonnard, Olivier and Thiéry, Denis},
  date         = {2014-03},
  journaltitle = {Journal of Pest Science},
  shortjournal = {J Pest Sci},
  volume       = {87},
  pages        = {1--16},
  issn         = {1612-4758, 1612-4766},
  doi          = {10.1007/s10340-013-0537-3},
  langid       = {english},
  number       = {1}
}

@misc{moosbeckhofer2015,
  title     = {Varroa-{{Bekämpfung}} Einfach-Sicher-Erfolgreich. 2 {{Völlig Neu Bearbeitete Auflage}}},
  author    = {Moosbeckhofer, R and Köglberger, H and Derakhshifar, Irmgard and Morawetz, Linde and Boigenzahn, C and Oberrisser, Wolfgang},
  date      = {2015},
  publisher = {{Biene Österreich}}
}

@article{morawetz2019,
  title        = {Health Status of Honey Bee Colonies (\textit{Apis Mellifera}) and Disease-Related Risk Factors for Colony Losses in {{Austria}}},
  author       = {Morawetz, Linde and Köglberger, Hemma and Griesbacher, Antonia and Derakhshifar, Irmgard and Crailsheim, Karl and Brodschneider, Robert and Moosbeckhofer, Rudolf},
  date         = {2019},
  journaltitle = {Plos One},
  volume       = {14},
  pages        = {e0219293},
  doi          = {10.1371/journal.pone.0219293},
  number       = {7}
}

@article{moritz2010,
  title        = {Research Strategies to Improve Honeybee Health in {{Europe}}},
  author       = {Moritz, Robin F.A. and de Miranda, Joachim and Fries, Ingemar and Le Conte, Yves and Neumann, Peter and Paxton, Robert J.},
  date         = {2010-05},
  journaltitle = {Apidologie},
  shortjournal = {Apidologie},
  volume       = {41},
  pages        = {227--242},
  issn         = {0044-8435, 1297-9678},
  doi          = {10.1051/apido/2010010},
  number       = {3},
  options      = {useprefix=true}
}

@article{moritz2016,
  title        = {Lost Colonies Found in a Data Mine: {{Global}} Honey Trade but Not Pests or Pesticides as a Major Cause of Regional Honeybee Colony Declines},
  shorttitle   = {Lost Colonies Found in a Data Mine},
  author       = {Moritz, Robin F.A. and Erler, Silvio},
  date         = {2016-01},
  journaltitle = {Agriculture, Ecosystems \& Environment},
  shortjournal = {Agriculture, Ecosystems \& Environment},
  volume       = {216},
  pages        = {44--50},
  issn         = {01678809},
  doi          = {10.1016/j.agee.2015.09.027},
  langid       = {english}
}

@article{murcia-morales2020,
  title        = {{{APIStrip}}, a New Tool for Environmental Contaminant Sampling through Honeybee Colonies},
  author       = {Murcia-Morales, María and Van der Steen, Jozef J.M. and Vejsnæs, Flemming and Díaz-Galiano, Francisco José and Flores, José Manuel and Fernández-Alba, Amadeo R.},
  date         = {2020-08},
  journaltitle = {Science of The Total Environment},
  shortjournal = {Science of The Total Environment},
  volume       = {729},
  pages        = {138948},
  issn         = {00489697},
  doi          = {10.1016/j.scitotenv.2020.138948},
  langid       = {english}
}

@article{neumann2009,
  title        = {Honey Bee Colony Losses},
  author       = {Neumann, Peter and Carreck, Norman L},
  date         = {2009},
  journaltitle = {Journal of Apicultural Research},
  volume       = {49},
  pages        = {1--6},
  issn         = {0021-8839},
  doi          = {10.3896/ibra.1.49.1.01},
  keywords     = {and scientists there and,and the usa over,apiculture has been in,apis mellifera,as is shown by,colony losses,decades,decline in both europe,hard,honey bee,in europe are working,managed honey,recent great attention,the decreasing numbers of,varroa destructor},
  number       = {1}
}

@incollection{neumann2016,
  title  = {Small Hive Beetle in {{Italy}}: What Can We Expect in the Future?},
  author = {Neumann, Peter},
  date   = {2016-01},
  pages  = {33--40},
  isbn   = {978-0-86098-278-4}
}

@article{neumann2017,
  title        = {The {{Darwin}} Cure for Apiculture? {{Natural}} Selection and Managed Honeybee Health},
  shorttitle   = {The {{Darwin}} Cure for Apiculture?},
  author       = {Neumann, Peter and Blacquière, Tjeerd},
  date         = {2017-03},
  journaltitle = {Evolutionary Applications},
  shortjournal = {Evol Appl},
  volume       = {10},
  pages        = {226--230},
  issn         = {1752-4571, 1752-4571},
  doi          = {10.1111/eva.12448},
  langid       = {english},
  number       = {3}
}

@article{nijenhuis1978,
  title        = {Combinatorial Algorithms for Computers and Calculators},
  author       = {Nijenhuis, A. and Wilf, H.},
  date         = {1978},
  journaltitle = {Academic Press},
  issn         = {0018-9219},
  doi          = {10.1007/978-3-319-44543-4},
  isbn         = {0-12-519260-6}
}

@article{oberreiter2020,
  title        = {Austrian {{COLOSS Survey}} of {{Honey Bee Colony Winter Losses}} 2018/19 and {{Analysis}} of {{Hive Management Practices}}},
  author       = {Oberreiter, Hannes and Brodschneider, Robert},
  date         = {2020-03-13},
  journaltitle = {Diversity},
  shortjournal = {Diversity},
  volume       = {12},
  pages        = {99},
  issn         = {1424-2818},
  doi          = {10.3390/d12030099},
  langid       = {english},
  number       = {3}
}

@article{payne2019,
  title        = {Initial {{Exposure}} of {{Wax Foundation}} to {{Agrochemicals Causes Negligible Effects}} on the {{Growth}} and {{Winter Survival}} of {{Incipient Honey Bee}} (\textit{Apis Mellifera}) {{Colonies}}},
  author       = {Payne, Alexandria N. and Walsh, Elizabeth M. and Rangel, Juliana},
  date         = {2019},
  journaltitle = {Insects},
  volume       = {10},
  pages        = {19},
  doi          = {10.3390/insects10010019},
  isbn         = {1979845107},
  keywords     = {agrochemicals,apis mellifera,Apis mellifera,beeswax,colony growth,honey bees,miticides,pesticides,toxicology},
  number       = {1}
}

@article{pechhacker1990,
  title        = {Untersuchungen Über Das {{Zuckerspektrum}} in {{Honigblaseninhalt}} Und {{Honig}}},
  author       = {Pechhacker, H. and Praznik, W. and Klaus, J.},
  date         = {1990},
  journaltitle = {Apidologie},
  volume       = {21},
  pages        = {447--455},
  issn         = {0044-8435},
  doi          = {10.1051/apido:19900506},
  number       = {5}
}

@article{peng2015,
  title        = {Consequences of {{Nosema}} Apis Infection for Male Honey Bees and Their Fertility},
  author       = {Peng, Yan and Baer-Imhoof, Barbara and Harvey Millar, A. and Baer, Boris},
  date         = {2015-09},
  journaltitle = {Scientific Reports},
  shortjournal = {Sci Rep},
  volume       = {5},
  pages        = {10565},
  issn         = {2045-2322},
  doi          = {10.1038/srep10565},
  langid       = {english},
  number       = {1}
}

@article{pettis2012,
  title        = {Pesticide Exposure in Honey Bees Results in Increased Levels of the Gut Pathogen {{Nosema}}},
  author       = {Pettis, Jeffery S. and {vanEngelsdorp}, Dennis and Johnson, Josephine and Dively, Galen},
  date         = {2012-02},
  journaltitle = {Naturwissenschaften},
  shortjournal = {Naturwissenschaften},
  volume       = {99},
  pages        = {153--158},
  issn         = {0028-1042, 1432-1904},
  doi          = {10.1007/s00114-011-0881-1},
  langid       = {english},
  number       = {2}
}

@article{potts2010,
  title        = {Global Pollinator Declines: Trends, Impacts and Drivers},
  shorttitle   = {Global Pollinator Declines},
  author       = {Potts, Simon G. and Biesmeijer, Jacobus C. and Kremen, Claire and Neumann, Peter and Schweiger, Oliver and Kunin, William E.},
  date         = {2010-06},
  journaltitle = {Trends in Ecology \& Evolution},
  shortjournal = {Trends in Ecology \& Evolution},
  volume       = {25},
  pages        = {345--353},
  issn         = {01695347},
  doi          = {10.1016/j.tree.2010.01.007},
  langid       = {english},
  number       = {6}
}

@book{rcoreteam2020,
  title        = {R: {{A}} Language and Environment for Statistical Computing},
  author       = {{R Core Team}},
  date         = {2020},
  location     = {{Vienna, Austria}},
  organization = {{R Foundation for Statistical Computing}}
}

@article{requieretal2017,
  author   = {Requier, Fabrice and Odoux, Jean-François and Henry, Mickaël and Bretagnolle, Vincent},
  title    = {The carry-over effects of pollen shortage decrease the survival of honeybee colonies in farmlands},
  journal  = {Journal of Applied Ecology},
  volume   = {54},
  number   = {4},
  pages    = {1161-1170},
  keywords = {agricultural landscapes, Apis mellifera, carry-over effects, floral resource scarcity, honeybee colony losses, life-history strategy, pollen, trade-offs, Varroa mite},
  doi      = {10.1111/1365-2664.12836},
  year     = {2017}
}

@article{ricigliano2018,
  title        = {Honey Bees Overwintering in a Southern Climate: {{Longitudinal}} Effects of Nutrition and Queen Age on Colony-Level Molecular Physiology and Performance},
  author       = {Ricigliano, Vincent A. and Mott, Brendon M. and Floyd, Amy S. and Copeland, Duan C. and Carroll, Mark J. and Anderson, Kirk E.},
  date         = {2018},
  journaltitle = {Scientific Reports},
  volume       = {8},
  pages        = {1--11},
  publisher    = {{Springer US}},
  issn         = {20452322},
  doi          = {10.1038/s41598-018-28732-z},
  number       = {1}
}

@article{rolke2016,
  title        = {Large-Scale Monitoring of Effects of Clothianidin-Dressed Oilseed Rape Seeds on Pollinating Insects in {{Northern Germany}}: Effects on Honey Bees (\textit{Apis Mellifera})},
  shorttitle   = {Large-Scale Monitoring of Effects of Clothianidin-Dressed Oilseed Rape Seeds on Pollinating Insects in {{Northern Germany}}},
  author       = {Rolke, Daniel and Fuchs, Stefan and Grünewald, Bernd and Gao, Zhenglei and Blenau, Wolfgang},
  date         = {2016-11},
  journaltitle = {Ecotoxicology},
  shortjournal = {Ecotoxicology},
  volume       = {25},
  pages        = {1648--1665},
  issn         = {0963-9292, 1573-3017},
  doi          = {10.1007/s10646-016-1725-8},
  langid       = {english},
  number       = {9}
}

@article{rosenkranz2010,
  title        = {Biology and Control of \textit{Varroa Destructor}},
  author       = {Rosenkranz, Peter and Aumeier, Pia and Ziegelmann, Bettina},
  date         = {2010-01-01},
  journaltitle = {Journal of Invertebrate Pathology},
  volume       = {103},
  pages        = {S96-S119},
  publisher    = {{Academic Press}},
  issn         = {0022-2011},
  doi          = {10.1016/J.JIP.2009.07.016}
}

@article{rousseau2020,
  title        = {Effect of Shipping Boxes, Attendant Bees, and Temperature on Honey Bee Queen Sperm Quality (\textit{Apis Mellifera})},
  author       = {Rousseau, Andrée and Houle, Émile and Giovenazzo, Pierre},
  date         = {2020-03-19},
  journaltitle = {Apidologie},
  shortjournal = {Apidologie},
  issn         = {0044-8435, 1297-9678},
  doi          = {10.1007/s13592-020-00756-3},
  langid       = {english}
}

@article{rundlof2015,
  title        = {Seed Coating with a Neonicotinoid Insecticide Negatively Affects Wild Bees},
  author       = {Rundlöf, Maj and Andersson, Georg K. S. and Bommarco, Riccardo and Fries, Ingemar and Hederström, Veronica and Herbertsson, Lina and Jonsson, Ove and Klatt, Björn K. and Pedersen, Thorsten R. and Yourstone, Johanna and Smith, Henrik G.},
  date         = {2015-05},
  journaltitle = {Nature},
  shortjournal = {Nature},
  volume       = {521},
  pages        = {77--80},
  issn         = {0028-0836, 1476-4687},
  doi          = {10.1038/nature14420},
  langid       = {english},
  number       = {7550}
}

@article{ruttner1984,
  title        = {Beobachtungen Über Eine Mögliche {{Anpassung}} von {{{\emph{Varroa}}}}{\emph{ Jacobsoni}} and {{{\emph{Apis}}}}{\emph{ Mellifera}} {{L}}. in {{Uruguay}}.},
  author       = {Ruttner, F. and Marx, H. and Marx, G.},
  date         = {1984},
  journaltitle = {Apidologie},
  shortjournal = {Apidologie},
  volume       = {15},
  pages        = {43--62},
  issn         = {0044-8435},
  doi          = {10.1051/apido:19840105},
  number       = {1}
}


@article{schmolke2018,
  title        = {Plant Guttation Water as a Potential Route for Pesticide Exposure in Honey Bees: A Review of Recent Literature},
  author       = {Schmolke, Amelie and Kearns, Brian and O’Neill, Bridget},
  date         = {2018},
  journaltitle = {Apidologie},
  volume       = {49},
  pages        = {637--646},
  issn         = {12979678},
  doi          = {10.1007/s13592-018-0591-1},
  number       = {5}
}

@article{seeley2007,
  title        = {Honey Bees of the {{Arnot Forest}}: A Population of Feral Colonies Persisting with {{{\emph{Varroa}}}}{\emph{ Destructor}} in the Northeastern {{United States}}},
  shorttitle   = {Honey Bees of the {{Arnot Forest}}},
  author       = {Seeley, Thomas D.},
  date         = {2007-01},
  journaltitle = {Apidologie},
  shortjournal = {Apidologie},
  volume       = {38},
  pages        = {19--29},
  issn         = {0044-8435, 1297-9678},
  doi          = {10.1051/apido:2006055},
  number       = {1}
}

@article{seeley2015,
  title        = {Crowding Honeybee Colonies in Apiaries Can Increase Their Vulnerability to the Deadly Ectoparasite \textit{Varroa Destructor}},
  author       = {Seeley, Thomas D. and Smith, Michael L.},
  date         = {2015-11},
  journaltitle = {Apidologie},
  shortjournal = {Apidologie},
  volume       = {46},
  pages        = {716--727},
  issn         = {0044-8435, 1297-9678},
  doi          = {10.1007/s13592-015-0361-2},
  langid       = {english},
  number       = {6}
}


@article{siefert2020,
  title        = {Chronic Within-Hive Video Recordings Detect Altered Nursing Behaviour and Retarded Larval Development of Neonicotinoid Treated Honey Bees},
  author       = {Siefert, Paul and Hota, Rudra and Ramesh, Visvanathan and Grünewald, Bernd},
  date         = {2020-12},
  journaltitle = {Scientific Reports},
  shortjournal = {Sci Rep},
  volume       = {10},
  pages        = {8727},
  issn         = {2045-2322},
  doi          = {10.1038/s41598-020-65425-y},
  langid       = {english},
  number       = {1}
}

@article{spivak2007,
  author  = {Ibrahim, Abdullah and S. Reuter, Gary and Spivak, Marla},
  year    = {2007},
  month   = {01},
  pages   = {},
  title   = {Field trial of honey bee colonies bred for mechanisms of resistance against \textit{Varroa destructor}},
  volume  = {38},
  journal = {Apidologie},
  doi     = {10.1051/apido:2006065}
}

@article{staveley2014,
  title        = {A {{Causal Analysis}} of {{Observed Declines}} in {{Managed Honey Bees}} ({{{\emph{Apis}}}}{\emph{ Mellifera}})},
  author       = {Staveley, Jane P. and Law, Sheryl A. and Fairbrother, Anne and Menzie, Charles A.},
  date         = {2014-03-04},
  journaltitle = {Human and Ecological Risk Assessment: An International Journal},
  shortjournal = {Human and Ecological Risk Assessment: An International Journal},
  volume       = {20},
  pages        = {566--591},
  issn         = {1080-7039, 1549-7860},
  doi          = {10.1080/10807039.2013.831263},
  langid       = {english},
  number       = {2}
}

@article{steinhauer2014,
  title        = {A National Survey of Managed Honey Bee 2012–2013 Annual Colony Losses in the {{USA}}: Results from the {{Bee Informed Partnership}}},
  shorttitle   = {A National Survey of Managed Honey Bee 2012–2013 Annual Colony Losses in the {{USA}}},
  author       = {Steinhauer, Nathalie and Rennich, Karen and Wilson, Michael E and Caron, Dewey M. and Lengerich, Eugene J. and Pettis, Jeff S. and Rose, Robyn and Skinner, John A. and Tarpy, David R. and Wilkes, James T. and {vanEngelsdorp}, Dennis and {for the Bee Informed Partnership}},
  date         = {2014-01},
  journaltitle = {Journal of Apicultural Research},
  shortjournal = {Journal of Apicultural Research},
  volume       = {53},
  pages        = {1--18},
  issn         = {0021-8839, 2078-6913},
  doi          = {10.3896/IBRA.1.53.1.01},
  langid       = {english},
  number       = {1}
}

@article{steinhauer2018,
  title        = {Drivers of Colony Losses},
  author       = {Steinhauer, Nathalie and Kulhanek, Kelly and Antúnez, Karina and Human, Hannelie and Chantawannakul, Panuwan and Chauzat, Marie-Pierre and {vanEngelsdorp}, Dennis},
  date         = {2018-04},
  journaltitle = {Current Opinion in Insect Science},
  shortjournal = {Current Opinion in Insect Science},
  volume       = {26},
  pages        = {142--148},
  issn         = {22145745},
  doi          = {10.1016/j.cois.2018.02.004},
  langid       = {english}
}

@article{straub2019,
  title        = {Neonicotinoids and Ectoparasitic Mites Synergistically Impact Honeybees},
  author       = {Straub, Lars and Williams, Geoffrey R. and Vidondo, Beatriz and Khongphinitbunjong, Kitiphong and Retschnig, Gina and Schneeberger, Annette and Chantawannakul, Panuwan and Dietemann, Vincent and Neumann, Peter},
  date         = {2019},
  journaltitle = {Scientific Reports},
  volume       = {9},
  pages        = {8159},
  issn         = {2045-2322},
  doi          = {10.1038/s41598-019-44207-1},
  number       = {1}
}

@article{switanek2017,
  title        = {Modelling Seasonal Effects of Temperature and Precipitation on Honey Bee Winter Mortality in a Temperate Climate},
  author       = {Switanek, Matthew and Crailsheim, Karl and Truhetz, Heimo and Brodschneider, Robert},
  date         = {2017-02-01},
  journaltitle = {Science of The Total Environment},
  volume       = {579},
  pages        = {1581--1587},
  publisher    = {{Elsevier}},
  issn         = {0048-9697},
  doi          = {10.1016/J.SCITOTENV.2016.11.178}
}

@article{thoms2019a,
  title        = {Beekeeper Stewardship, Colony Loss, and \textit{Varroa Destructor} Management},
  author       = {Thoms, Christopher A. and Nelson, Kristen C. and Kubas, Andrew and Steinhauer, Nathalie and Wilson, Michael E. and {vanEngelsdorp}, Dennis},
  date         = {2019-10},
  journaltitle = {Ambio},
  shortjournal = {Ambio},
  volume       = {48},
  pages        = {1209--1218},
  issn         = {0044-7447, 1654-7209},
  doi          = {10.1007/s13280-018-1130-z},
  langid       = {english},
  number       = {10}
}

@article{thrasyvoulou2015,
  title        = {Improvements {{To The Regulations On Organic Farming To Facilitate The Practice Of Organic Beekeeping}}},
  author       = {Thrasyvoulou, Andreas and Broeker, Ulrich and Chrysoula, Tananaki and Vilas-Boas, Miguel and Wallner, Klaus and Amsler, Thomas and Garces, Sandra and Lodesani, Marco and Siceanu, Adrian and Westerhoff, Ansgar and El-Obeid, Dany},
  date         = {2015},
  journaltitle = {Bee World},
  volume       = {91},
  pages        = {58--61},
  issn         = {0005-772X},
  doi          = {10.1080/0005772x.2014.11417604},
  number       = {3}
}

@article{traynor2016,
  title        = {Multiyear Survey Targeting Disease Incidence in {{US}} Honey Bees},
  author       = {Traynor, Kirsten S. and Rennich, Karen and Forsgren, Eva and Rose, Robyn and Pettis, Jeffery and Kunkel, Grace and Madella, Shayne and Evans, Jay and Lopez, Dawn and {vanEngelsdorp}, Dennis},
  date         = {2016-05},
  journaltitle = {Apidologie},
  shortjournal = {Apidologie},
  volume       = {47},
  pages        = {325--347},
  issn         = {0044-8435, 1297-9678},
  doi          = {10.1007/s13592-016-0431-0},
  langid       = {english},
  number       = {3}
}

@article{tsvetkov2017,
  title        = {Chronic Exposure to Neonicotinoids Reduces Honey Bee Health near Corn Crops},
  author       = {Tsvetkov, N. and Samson-Robert, O. and Sood, K. and Patel, H. S. and Malena, D. A. and Gajiwala, P. H. and Maciukiewicz, P. and Fournier, V. and Zayed, A.},
  date         = {2017-06-30},
  journaltitle = {Science},
  shortjournal = {Science},
  volume       = {356},
  pages        = {1395--1397},
  issn         = {0036-8075, 1095-9203},
  doi          = {10.1126/science.aam7470},
  langid       = {english},
  number       = {6345}
}

@article{underwood2019,
  title        = {Beekeeping {{Management Practices Are Associated}} with {{Operation Size}} and {{Beekeepers}}’ {{Philosophy}} towards in-{{Hive Chemicals}}},
  author       = {Underwood, Robyn M. and Traver, Brenna E. and López-Uribe, Margarita M.},
  date         = {2019-01-08},
  journaltitle = {Insects},
  shortjournal = {Insects},
  volume       = {10},
  pages        = {10},
  issn         = {2075-4450},
  doi          = {10.3390/insects10010010},
  langid       = {english},
  number       = {1}
}


@article{urbanowicz2019,
  annote   = {- seed treatetment neonicotinoids
  - pollen not preferred in heterogoneus landscape but is collected},
  author   = {Urbanowicz, Christine and Baert, Nicolas and Bluher, Sarah E. and B{\"{o}}r{\"{o}}czky, Katalin and Ramos, Marcel and McArt, Scott H.},
  doi      = {10.1007/s13592-019-00655-2},
  issn     = {12979678},
  journal  = {Apidologie},
  keywords = {Apis mellifera,Zea mays,corn,maize,neonicotinoids,pesticides,pollinator},
  title    = {{Low maize pollen collection and low pesticide risk to honey bees in heterogeneous agricultural landscapes}},
  volume   = {2011},
  year     = {2019}
}

@article{vanderzee2012,
  title        = {Managed Honey Bee Colony Losses in {{Canada}}, {{China}}, {{Europe}}, {{Israel}} and {{Turkey}}, for the Winters of 2008–9 and 2009–10},
  author       = {van der Zee, Romée and Pisa, Lennard and Andonov, Sreten and Brodschneider, Robert and Charrière, Jean-Daniel and Chlebo, Róbert and Coffey, Mary F and Crailsheim, Karl and Dahle, Bjørn and Gajda, Anna and Gray, Alison and Drazic, Marica M and Higes, Mariano and Kauko, Lassi and Kence, Aykut and Kence, Meral and Kezic, Nicola and Kiprijanovska, Hrisula and Kralj, Jasna and Kristiansen, Preben and Hernandez, Raquel Martin and Mutinelli, Franco and Nguyen, Bach Kim and Otten, Christoph and Özkırım, Asli and Pernal, Stephen F and Peterson, Magnus and Ramsay, Gavin and Santrac, Violeta and Soroker, Victoria and Topolska, Grażyna and Uzunov, Aleksandar and Vejsnæs, Flemming and Wei, Shi and Wilkins, Selwyn},
  date         = {2012-01},
  journaltitle = {Journal of Apicultural Research},
  shortjournal = {Journal of Apicultural Research},
  volume       = {51},
  pages        = {100--114},
  issn         = {0021-8839, 2078-6913},
  doi          = {10.3896/IBRA.1.51.1.12},
  langid       = {english},
  number       = {1},
  options      = {useprefix=true}
}

@article{vanderzee2013,
  title        = {Standard Survey Methods for Estimating Colony Losses and Explanatory Risk Factors in \textit{Apis Mellifera}},
  author       = {van der Zee, Romée and Gray, Alison and Holzmann, Céline and Pisa, Lennard and Brodschneider, Robert and Chlebo, Róbert and Coffey, Mary F and Kence, Aykut and Kristiansen, Preben and Mutinelli, Franco and Nguyen, Bach Kim and Noureddine, Adjlane and Peterson, Magnus and Soroker, Victoria and Topolska, Grażyna and Vejsnæs, Flemming and Wilkins, Selwyn},
  date         = {2013},
  journaltitle = {Journal of Apicultural Research},
  volume       = {52},
  pages        = {1--36},
  issn         = {0021-8839},
  doi          = {10.3896/ibra.1.52.4.18},
  number       = {4},
  options      = {useprefix=true}
}

@article{vanderzee2014,
  title        = {Results of International Standardised Beekeeper Surveys of Colony Losses for Winter 2012–2013: Analysis of Winter Loss Rates and Mixed Effects Modelling of Risk Factors for Winter Loss},
  author       = {van der Zee, Romée and Brodschneider, Robert and Brusbardis, Valters and Charrière, Jean-Daniel and Chlebo, Róbert and Coffey, Mary F and Dahle, Bjørn and Drazic, Marica M and Kauko, Lassi and Kretavicius, Justinas and Kristiansen, Preben and Mutinelli, Franco and Otten, Christoph and Peterson, Magnus and Raudmets, Aivar and Santrac, Violeta and Seppälä, Ari and Soroker, Victoria and Topolska, Grażyna and Vejsnæs, Flemming and Gray, Alison},
  date         = {2014},
  journaltitle = {Journal of Apicultural Research},
  volume       = {53},
  pages        = {19--34},
  issn         = {0021-8839},
  doi          = {10.3896/ibra.1.53.1.02},
  number       = {1},
  options      = {useprefix=true}
}

@article{vanderzee2015,
  title        = {An {{Observational Study}} of {{Honey Bee Colony Winter Losses}} and {{Their Association}} with \textit{Varroa Destructor}, {{Neonicotinoids}} and {{Other Risk Factors}}},
  author       = {van der Zee, Romée and Gray, Alison and Pisa, Lennard and de Rijk, Theo},
  editor       = {Nieh, James C.},
  date         = {2015-07-08},
  journaltitle = {PLOS ONE},
  shortjournal = {PLoS ONE},
  volume       = {10},
  pages        = {e0131611},
  issn         = {1932-6203},
  doi          = {10.1371/journal.pone.0131611},
  langid       = {english},
  number       = {7},
  options      = {useprefix=true}
}

@article{vanengelsdorp2007,
  title        = {An Estimate of Managed Colony Losses in the Winter of 2006 - 2007: {{A}} Report Commissioned by the Apiary Inspectors of America},
  author       = {{vanEngelsdorp}, Dennis and Underwood, Robyn and Caron, Dewey and Hayes, JJ},
  date         = {2007-07},
  journaltitle = {American Bee Journal},
  volume       = {147},
  pages        = {599--603}
}

@article{vanengelsdorp2008,
  title        = {A Survey of Honey Bee Colony Losses in the {{U}}.{{S}}., {{Fall}} 2007 to {{Spring}} 2008},
  author       = {vanEngelsdorp, Dennis and Hayes, Jerry and Underwood, Robyn M. and Pettis, Jeffery},
  date         = {2008},
  journaltitle = {PLoS ONE},
  volume       = {3},
  pages        = {8--13},
  issn         = {19326203},
  doi          = {10.1371/journal.pone.0004071},
  number       = {12},
  options      = {useprefix=true}
}

@article{vanengelsdorp2009,
  title        = {Colony {{Collapse Disorder}}: {{A Descriptive Study}}},
  shorttitle   = {Colony {{Collapse Disorder}}},
  author       = {{vanEngelsdorp}, Dennis and Evans, Jay D. and Saegerman, Claude and Mullin, Chris and Haubruge, Eric and Nguyen, Bach Kim and Frazier, Maryann and Frazier, Jim and Cox-Foster, Diana and Chen, Yanping and Underwood, Robyn and Tarpy, David R. and Pettis, Jeffery S.},
  editor       = {Brown, Justin},
  date         = {2009-08-03},
  journaltitle = {PLoS ONE},
  shortjournal = {PLoS ONE},
  volume       = {4},
  pages        = {e6481},
  issn         = {1932-6203},
  doi          = {10.1371/journal.pone.0006481},
  langid       = {english},
  number       = {8}
}

@article{vanengelsdorp2010,
  title        = {A Survey of Honey Bee Colony Losses in the {{United States}}, Fall 2008 to Spring 2009},
  author       = {{vanEngelsdorp}, Dennis and Hayes, Jerry and Underwood, Robyn M and Pettis, Jeffery S},
  date         = {2010-01},
  journaltitle = {Journal of Apicultural Research},
  shortjournal = {Journal of Apicultural Research},
  volume       = {49},
  pages        = {7--14},
  issn         = {0021-8839, 2078-6913},
  doi          = {10.3896/IBRA.1.49.1.03},
  langid       = {english},
  number       = {1}
}

@article{vanengelsdorp2011,
  title        = {A Survey of Managed Honey Bee Colony Losses in the {{USA}}, Fall 2009 to Winter 2010},
  author       = {{vanEngelsdorp}, Dennis and Hayes, Jerry and Underwood, Robyn M and Caron, Dewey and Pettis, Jeffery},
  date         = {2011-01},
  journaltitle = {Journal of Apicultural Research},
  shortjournal = {Journal of Apicultural Research},
  volume       = {50},
  pages        = {1--10},
  issn         = {0021-8839, 2078-6913},
  doi          = {10.3896/IBRA.1.50.1.01},
  langid       = {english},
  number       = {1}
}

@article{vanengelsdorp2013,
  title        = {Idiopathic Brood Disease Syndrome and Queen Events as Precursors of Colony Mortality in Migratory Beekeeping Operations in the Eastern {{United States}}},
  author       = {{vanEngelsdorp}, Dennis and Tarpy, David R. and Lengerich, Eugene J. and Pettis, Jeffery S.},
  date         = {2013},
  journaltitle = {Preventive Veterinary Medicine},
  volume       = {108},
  pages        = {225--233},
  publisher    = {{Elsevier B.V.}},
  issn         = {01675877},
  doi          = {10.1016/j.prevetmed.2012.08.004},
  number       = {2-3}
}

@article{vanesch2019,
  title        = {Multivariate {{Landscape Analysis}} of {{Honey Bee Winter Mortality}} in {{Wallonia}}, {{Belgium}}},
  author       = {Van Esch, Leen and De Kok, Jean-Luc and Janssen, Liliane and Buelens, Bart and De Smet, Lina and de Graaf, Dirk C. and Engelen, Guy},
  date         = {2019-11-01},
  journaltitle = {Environmental Modeling \& Assessment},
  shortjournal = {Environ Model Assess},
  issn         = {1420-2026, 1573-2967},
  doi          = {10.1007/s10666-019-09682-w},
  langid       = {english},
  options      = {useprefix=true}
}

@article{wickham2019,
  title        = {Welcome to the {{tidyverse}}},
  author       = {Wickham, Hadley and Averick, Mara and Bryan, Jennifer and Chang, Winston and McGowan, Lucy D'Agostino and François, Romain and Grolemund, Garrett and Hayes, Alex and Henry, Lionel and Hester, Jim and Kuhn, Max and Pedersen, Thomas Lin and Miller, Evan and Bache, Stephan Milton and Müller, Kirill and Ooms, Jeroen and Robinson, David and Seidel, Dana Paige and Spinu, Vitalie and Takahashi, Kohske and Vaughan, Davis and Wilke, Claus and Woo, Kara and Yutani, Hiroaki},
  date         = {2019},
  journaltitle = {Journal of Open Source Software},
  volume       = {4},
  pages        = {1686},
  doi          = {10.21105/joss.01686},
  number       = {43}
}

@article{williams2010,
  title        = {Colony {{Collapse Disorder}} in Context},
  author       = {Williams, Geoffrey R. and Tarpy, David R. and {vanEngelsdorp}, Dennis and Chauzat, Marie-Pierre and Cox-Foster, Diana L. and Delaplane, Keith S. and Neumann, Peter and Pettis, Jeffery S. and Rogers, Richard E. L. and Shutler, Dave},
  date         = {2010-10},
  journaltitle = {BioEssays},
  shortjournal = {Bioessays},
  volume       = {32},
  pages        = {845--846},
  issn         = {02659247},
  doi          = {10.1002/bies.201000075},
  langid       = {english},
  number       = {10}
}

@article{williams2015,
  title        = {Neonicotinoid Pesticides Severely Affect Honey Bee Queens},
  author       = {Williams, Geoffrey R. and Troxler, Aline and Retschnig, Gina and Roth, Kaspar and Yañez, Orlando and Shutler, Dave and Neumann, Peter and Gauthier, Laurent},
  date         = {2015-12},
  journaltitle = {Scientific Reports},
  shortjournal = {Sci Rep},
  volume       = {5},
  pages        = {14621},
  issn         = {2045-2322},
  doi          = {10.1038/srep14621},
  langid       = {english},
  number       = {1}
}

@article{withrow2019,
  title        = {Effects of {{Temperature During Package Transportation}} on {{Queen Establishment}} and {{Survival}} in {{Honey Bees}} ({{Hymenoptera}}: {{Apidae}})},
  author       = {Withrow, James M. and Pettis, Jeffery S. and Tarpy, David R.},
  date         = {2019},
  journaltitle = {Journal of economic entomology},
  volume       = {112},
  pages        = {1043--1049},
  issn         = {1938291X},
  doi          = {10.1093/jee/toz003},
  keywords     = {honey bee,package,queen failure,transportation},
  number       = {3}
}

@article{woodcock2016,
  title        = {Impacts of Neonicotinoid Use on Long-Term Population Changes in Wild Bees in {{England}}},
  author       = {Woodcock, Ben A. and Isaac, Nicholas J. B. and Bullock, James M. and Roy, David B. and Garthwaite, David G. and Crowe, Andrew and Pywell, Richard F.},
  date         = {2016-11},
  journaltitle = {Nature Communications},
  shortjournal = {Nat Commun},
  volume       = {7},
  pages        = {12459},
  issn         = {2041-1723},
  doi          = {10.1038/ncomms12459},
  langid       = {english},
  number       = {1}
}

@article{woodcock2017,
  title        = {Country-Specific Effects of Neonicotinoid Pesticides on Honey Bees and Wild Bees},
  author       = {Woodcock, B. A. and Bullock, J. M. and Shore, R. F. and Heard, M. S. and Pereira, M. G. and Redhead, J. and Ridding, L. and Dean, H. and Sleep, D. and Henrys, P. and Peyton, J. and Hulmes, S. and Hulmes, L. and Sárospataki, M. and Saure, C. and Edwards, M. and Genersch, E. and Knäbe, S. and Pywell, R. F.},
  date         = {2017-06-30},
  journaltitle = {Science},
  shortjournal = {Science},
  volume       = {356},
  pages        = {1393--1395},
  issn         = {0036-8075, 1095-9203},
  doi          = {10.1126/science.aaa1190},
  langid       = {english},
  number       = {6345}
}

@article{wu-smart2016,
  title        = {Sub-Lethal Effects of Dietary Neonicotinoid Insecticide Exposure on Honey Bee Queen Fecundity and Colony Development},
  author       = {Wu-Smart, Judy and Spivak, Marla},
  date         = {2016-08},
  journaltitle = {Scientific Reports},
  shortjournal = {Sci Rep},
  volume       = {6},
  pages        = {32108},
  issn         = {2045-2322},
  doi          = {10.1038/srep32108},
  langid       = {english},
  number       = {1}
}

@article{yue2007,
  title        = {Vertical-Transmission Routes for Deformed Wing Virus of Honeybees (\textit{Apis mellifera})},
  author       = {Yue, C. and Schroder, M. and Gisder, S. and Genersch, E.},
  date         = {2007-08-01},
  journaltitle = {Journal of General Virology},
  shortjournal = {Journal of General Virology},
  volume       = {88},
  pages        = {2329--2336},
  issn         = {0022-1317, 1465-2099},
  doi          = {10.1099/vir.0.83101-0},
  langid       = {english},
  number       = {8}
}


@article{ramsey2019,
  title = {\textit{Varroa Destructor} Feeds Primarily on Honey Bee Fat Body Tissue and Not Hemolymph},
  author = {Ramsey, Samuel D. and Ochoa, Ronald and Bauchan, Gary and Gulbronson, Connor and Mowery, Joseph D. and Cohen, Allen and Lim, David and Joklik, Judith and Cicero, Joseph M. and Ellis, James D. and Hawthorne, David and {vanEngelsdorp}, Dennis},
  date = {2019-01-29},
  journaltitle = {Proceedings of the National Academy of Sciences},
  shortjournal = {Proc Natl Acad Sci USA},
  volume = {116},
  pages = {1792--1801},
  issn = {0027-8424, 1091-6490},
  doi = {10.1073/pnas.1818371116},
  langid = {english},
  number = {5}
}


@article{charriere1998,
  title = {Ausschneiden von {{Drohnenbrut}}: {{Eine}} Wirksame {{Massnahme}} Zur {{Reduktion}} Des {{Varroabefalls}}},
  author = {Charrière, J. and Imdorf, A. and Bachofen, B. and Tschan, A.},
  date = {1998},
  journaltitle = {Schweizerisches Zentrum fuer Bienenforschung},
  pages = {1--10}
}


@article{noel2020,
  title = {\textit{Varroa Destructor}: How Does It Harm \textit{Apis Mellifera} Honey Bees and What Can Be Done about It?},
  shorttitle = {Varroa Destructor},
  author = {Noël, Amélie and Le Conte, Yves and Mondet, Fanny},
  editor = {Scott-Brown, Alison and Koch, Hauke},
  date = {2020-07-02},
  journaltitle = {Emerging Topics in Life Sciences},
  volume = {4},
  pages = {45--57},
  issn = {2397-8554, 2397-8562},
  doi = {10.1042/ETLS20190125},
  langid = {english},
  number = {1}
}




