% Example BibLaTex
@article{morawetzHealthStatusHoney2019,
  title = {Health Status of Honey Bee Colonies ({{Apis}} Mellifera) and Disease-Related Risk Factors for Colony Losses in {{Austria}}},
  author = {Morawetz, Linde and Köglberger, Hemma and Griesbacher, Antonia and Derakhshifar, Irmgard and Crailsheim, Karl and Brodschneider, Robert and Moosbeckhofer, Rudolf},
  editor = {De la Rúa, Pilar},
  date = {2019-07-09},
  journaltitle = {PLOS ONE},
  shortjournal = {PLoS ONE},
  volume = {14},
  pages = {e0219293},
  issn = {1932-6203},
  doi = {10.1371/journal.pone.0219293},
  langid = {english},
  number = {7}
}